@book{kleppmann-2017,
  title={Designing data-intensive applications: The big ideas behind reliable, scalable, and maintainable systems},
  author={Kleppmann, Martin},
  year={2017},
  publisher={" O'Reilly Media, Inc."}
}
